@article{spigariol2013ensenando,
  title={Ense{\~n}ando a programar en la orientaci{\'o}n a objetos},
  author={Spigariol, Lucas and Passerini, Nicol{\'a}s},
  journal={UTN FRC, C{\'o}rdoba, Argentina},
  year={2013}
}